
<record>
  <controlfield tag="001">349385</controlfield>
  <datafield tag="035" ind1=" " ind2=" ">
    <subfield code="a">Sterner:1992av</subfield>
    <subfield code="9">SPIRESTeX</subfield>
  </datafield>
  <datafield tag="710" ind1=" " ind2=" ">
    <subfield code="g">AMY</subfield>
  </datafield>
  <datafield tag="245" ind1=" " ind2=" ">
    <subfield code="a">Search for anomalous gamma gamma production at TRISTAN</subfield>
  </datafield>
</record>